<?xml version="1.0" encoding="UTF-8"?><collection xmlns="http://www.loc.gov/MARC21/slim"><record><leader>00317nam--2200121-i-4500</leader><controlfield tag="001">000033663</controlfield><controlfield tag="002">20161230</controlfield><controlfield tag="005">20161230201039</controlfield><controlfield tag="008">060222s1000------------r-----000-0-eng-d</controlfield><datafield ind1=" " ind2=" " tag="100"><subfield code="a">Neff, John A</subfield></datafield><datafield ind1=" " ind2=" " tag="245"><subfield code="a">Optical computing</subfield></datafield><datafield ind1=" " ind2=" " tag="260"><subfield code="a">Washington, The Int.Society For Optical Engineering, 1984. Vi+159p</subfield></datafield><datafield ind1=" " ind2=" " tag="852"><subfield code="a">72483</subfield></datafield></record></collection>